

@book{opac-b1105716,
    title = "Methods of mathematical economics : linear and nonlinear programming, fixed-point theorems",
    author = "Franklin, Joel N.",
    series = "Classics in applied mathematics",
    publisher = "SIAM",
    address = "Philadelphia",
    url = "http://opac.inria.fr/record=b1105716",
    isbn = "0-89871-509-1",
    year = 2002
}


@book{GVK180926950,
    added-at = {2009-08-21T12:33:40.000+0200},
    address = {Princeton, NJ},
    author = {Dantzig, {George B.}},
    biburl = {http://www.bibsonomy.org/bibtex/2c90d794415bc355eea0109f11f7d6c56/fbw_hannover},
    interhash = {f465ea5b34fca27209eaac5d88e02bfc},
    intrahash = {c90d794415bc355eea0109f11f7d6c56},
    keywords = {Lineare_Optimierung Methoden_und_Techniken_der_Betriebswirtschaft Wahrscheinlichkeitsrechnung},
    pagetotal = {XVI, 625},
    ppn_gvk = {180926950},
    publisher = {Princeton Univ. Press},
    series = {Rand Corporation Research Study},
    timestamp = {2009-08-21T12:33:40.000+0200},
    title = {Linear programming and extensions},
    url = {http://gso.gbv.de/DB=2.1/CMD?ACT=SRCHA&SRT=YOP&IKT=1016&TRM=ppn+180926950&sourceid=fbw_bibsonomy},
    year = 1963
}

@inproceedings{Moemke:2011:AGT:2082752.2082898,
    author = {Moemke, Tobias and Svensson, Ola},
    title = {Approximating Graphic TSP by Matchings},
    booktitle = {Proceedings of the 2011 IEEE 52Nd Annual Symposium on Foundations of Computer Science},
    series = {FOCS '11},
    year = {2011},
    isbn = {978-0-7695-4571-4},
    pages = {560--569},
    numpages = {10},
    url = {http://dx.doi.org/10.1109/FOCS.2011.56},
    doi = {10.1109/FOCS.2011.56},
    acmid = {2082898},
    publisher = {IEEE Computer Society},
    address = {Washington, DC, USA},
    keywords = {approximation, TSP, linear programming},
} 


@techreport{Chr76,
    added-at = {2008-01-10T17:04:02.000+0100},
    author = {Christofides, Nicos},
    biburl = {http://www.bibsonomy.org/bibtex/2107ce5afe4cdd886e5cf863b16533205/jvrb_regulski},
    institution = {Graduate School of Industrial Administration, Carnegie Mellon University},
    interhash = {17c4f6224da4a8ead47972fd788d7556},
    intrahash = {107ce5afe4cdd886e5cf863b16533205},
    keywords = {3(2006)12},
    number = 388,
    timestamp = {2008-01-10T17:04:02.000+0100},
    title = {Worst-case analysis of a new heuristic for the travelling salesman problem},
    type = {Technical Report},
    year = 1976
}


@inproceedings{conf/focs/GharanSS11,
    added-at = {2012-01-05T00:00:00.000+0100},
    author = {Gharan, Shayan Oveis and Saberi, Amin and Singh, Mohit},
    biburl = {http://www.bibsonomy.org/bibtex/2dc22f1c9ea3acbb0a759418df533bab9/dblp},
    booktitle = {FOCS},
    crossref = {conf/focs/2011},
    editor = {Ostrovsky, Rafail},
    ee = {http://dx.doi.org/10.1109/FOCS.2011.80},
    interhash = {9133234d899bc49ae63ee2b5c1ab111d},
    intrahash = {dc22f1c9ea3acbb0a759418df533bab9},
    isbn = {978-1-4577-1843-4},
    keywords = {dblp},
    pages = {550-559},
    publisher = {IEEE},
    timestamp = {2012-01-05T00:00:00.000+0100},
    title = {A Randomized Rounding Approach to the Traveling Salesman Problem.},
    url = {http://dblp.uni-trier.de/db/conf/focs/focs2011.html#GharanSS11},
    year = 2011
}

@incollection{Kar72,
  added-at = {2006-11-06T22:06:28.000+0100},
  author = {Karp, R.},
  biburl = {http://www.bibsonomy.org/bibtex/21fa7a672ce72ed916311dc52e5a93038/lysander07},
  booktitle = {Complexity of Computer Computations},
  editor = {Miller, R. and Thatcher, J.},
  interhash = {427e5bfc8069f94f57c5d43b6fd85949},
  intrahash = {1fa7a672ce72ed916311dc52e5a93038},
  keywords = {imported XMLTage2006-2},
  pages = {85--103},
  publisher = {Plenum Press},
  timestamp = {2006-11-06T22:06:28.000+0100},
  title = {Reducibility among combinatorial problems},
  year = 1972
}



@article{doi:10.1287/opre.13.4.517,
    Author = {Balas, Egon},
    Doi = {10.1287/opre.13.4.517},
    Eprint = {http://pubsonline.informs.org/doi/pdf/10.1287/opre.13.4.517},
    Journal = {Operations Research},
    Number = {4},
    Pages = {517-546},
    Title = {An Additive Algorithm for Solving Linear Programs with Zero-One Variables},
    Url = {http://pubsonline.informs.org/doi/abs/10.1287/opre.13.4.517},
    Volume = {13},
    Year = {1965},
    Bdsk-Url-1 = {http://pubsonline.informs.org/doi/abs/10.1287/opre.13.4.517},
    Bdsk-Url-2 = {http://dx.doi.org/10.1287/opre.13.4.517}
}

@book{Applegate:2007:TSP:1374811,
 author = {Applegate, David L. and Bixby, Robert E. and Chvatal, Vasek and Cook, William J.},
 title = {The Traveling Salesman Problem: A Computational Study (Princeton Series in Applied Mathematics)},
 year = {2007},
 isbn = {0691129932, 9780691129938},
 publisher = {Princeton University Press},
 address = {Princeton, NJ, USA},
} 
